<record><leader>00000cas a22000007a 4500</leader><controlfield tag="001">10133724</controlfield><controlfield tag="008">831116d18681881pauwr ne      0    0eng d</controlfield><datafield ind1=" " ind2=" " tag="010"><subfield code="a">sn 83032026 </subfield></datafield><datafield ind1=" " ind2=" " tag="040"><subfield code="a">NPU</subfield><subfield code="b">eng</subfield><subfield code="c">NPU</subfield><subfield code="d">NPT</subfield><subfield code="d">NPX</subfield><subfield code="d">NPH</subfield><subfield code="d">OCLCQ</subfield></datafield><datafield ind1=" " ind2=" " tag="042"><subfield code="a">msc</subfield></datafield><datafield ind1="0" ind2=" " tag="130"><subfield code="a">Bedford County press (Bloody Run, Pa.)</subfield></datafield><datafield ind1="1" ind2="0" tag="245"><subfield code="a">Bedford County press.</subfield></datafield><datafield ind1=" " ind2=" " tag="260"><subfield code="a">Bloody Run, Pa. :</subfield><subfield code="b">Long, Pennsyl &amp; Hoffmeier,</subfield><subfield code="c">1868-1881.</subfield></datafield><datafield ind1=" " ind2=" " tag="300"><subfield code="a">14 v. ;</subfield><subfield code="c">66 cm.</subfield></datafield><datafield ind1=" " ind2=" " tag="310"><subfield code="a">Weekly</subfield></datafield><datafield ind1="0" ind2=" " tag="362"><subfield code="a">Vol. 1, no. 1 (Mar. 4, 1868)-v. 14, no. 6 (Feb. 8, 1881).</subfield></datafield><datafield ind1=" " ind2=" " tag="500"><subfield code="a">Published every Wednesday morning.</subfield></datafield><datafield ind1=" " ind2=" " tag="500"><subfield code="a">Also published in Everett, Pa.</subfield></datafield><datafield ind1=" " ind2=" " tag="500"><subfield code="a">Publishers: J.C. Long, &lt;1873&gt;; S.J. Jordan &amp; D.W. Mullin, &lt;1876&gt;.</subfield></datafield><datafield ind1=" " ind2=" " tag="500"><subfield code="a">"Radically Republican."</subfield></datafield><datafield ind1=" " ind2=" " tag="500"><subfield code="a">Editors: S.J. Jordan, &lt;1876&gt;; D.W. Mullin, &lt;1876&gt;.</subfield></datafield><datafield ind1=" " ind2=" " tag="525"><subfield code="a">Supplements accompany some issues.</subfield></datafield><datafield ind1=" " ind2=" " tag="752"><subfield code="a">United States</subfield><subfield code="b">Pennsylvania</subfield><subfield code="c">Bedford</subfield><subfield code="d">Everett.</subfield></datafield><datafield ind1=" " ind2=" " tag="752"><subfield code="a">United States</subfield><subfield code="b">Pennsylvania</subfield><subfield code="c">Bedford</subfield><subfield code="d">Bloody Run.</subfield></datafield><datafield ind1="0" ind2="0" tag="785"><subfield code="t">Everett press (Everett, Pa. : 1881)</subfield><subfield code="w">(DLC)sn 86063556</subfield></datafield><datafield ind1="1" ind2=" " tag="029"><subfield code="a">AU@</subfield><subfield code="b">000025834147</subfield></datafield></record>